<?xml version="1.0" encoding="UTF-8"?><collection xmlns="http://www.loc.gov/MARC21/slim"><record><leader>00529nam--2200193-i-4500</leader><controlfield tag="001">000041827</controlfield><controlfield tag="002">20161230</controlfield><controlfield tag="005">20161230201043</controlfield><controlfield tag="008">060222s1000------------r-----000-0-eng-d</controlfield><datafield ind1=" " ind2=" " tag="040"><subfield code="a">IFIN-HH</subfield></datafield><datafield ind1=" " ind2=" " tag="080"><subfield code="a">538.12:538.9</subfield></datafield><datafield ind1="1" ind2=" " tag="100"><subfield code="a">Knox, Robert</subfield></datafield><datafield ind1="1" ind2="0" tag="245"><subfield code="a">Symmetry in the solid state</subfield><subfield code="c">Robert knox, albert gold</subfield></datafield><datafield ind1=" " ind2=" " tag="260"><subfield code="a">New York</subfield><subfield code="b">W.A. Benjamin, Inc</subfield><subfield code="c">1964</subfield></datafield><datafield ind1=" " ind2=" " tag="300"><subfield code="a">XII+344P</subfield></datafield><datafield ind1=" " ind2=" " tag="490"><subfield code="a">Lecture Notes Nd Supplements In Physics</subfield></datafield><datafield ind1="1" ind2=" " tag="700"><subfield code="a">Gold, Albert</subfield></datafield><datafield ind1=" " ind2=" " tag="852"><subfield code="a">24026</subfield><subfield code="c">539.2</subfield></datafield><datafield ind1=" " ind2=" " tag="CAT"><subfield code="a">Sys</subfield><subfield code="c">20121012</subfield><subfield code="h">124417</subfield></datafield></record></collection>